@Misc{simple-sim,
  Author         = {Evgenii Neumerzhitckii},
  Title          = {Programming a simulation of the Earth orbiting the Sun},
  Note           = {URL: \url{https://evgenii.com/blog/earth-orbit-simulation/}},
  year           = {2016--}
}

@Misc{control-latest,
  Author         = {python-control.org},
  Title          = {Python Control Systems Library},
  Note           = {URL: \url{https://python-control.org}},
  year           = {2019--}
}

@Misc{ode-docs,
  Author         = {The SciPy community},
  Title          = {ode class reference},
  Note           = {URL: \url{https://docs.scipy.org/doc/scipy/reference/generated/scipy.integrate.ode.html}},
  year           = {2008--2019}
}

@Misc{odeint-docs,
  Author         = {The SciPy community},
  Title          = {odeint function reference},
  Note           = {URL: \url{https://docs.scipy.org/doc/scipy/reference/generated/scipy.integrate.odeint.html}},
  year           = {2008--2019}
}

@Misc{scipyint-latest,
  Author         = {The SciPy community},
  Title          = {Integration and ODEs (scipy.integrate)},
  Note           = {URL: \url{https://docs.scipy.org/doc/scipy/reference/integrate.html}},
  year           = {2008--2019}
}

@Misc{skyfield-latest,
  Author         = {Rhodes, Brandon},
  Title          = {Skyfield, Elegant Astronomy for Python},
  Note           = {URL: \url{https://rhodesmill.org/skyfield/}},
  year           = {2019--}
}

@Misc{astropy-latest,
  Author         = {The Astropy Developers},
  Title          = {astropy, A Community Python Library for Astronomy},
  Note           = {URL: \url{https://docs.astropy.org/en/stable/}},
  year           = {2011--2020}
}

@Misc{poliastro-latest,
  Author         = {Juan Luis Cano Rodríguez et al},
  Title          = {poliastro, Astrodynamics in Python},
  Note           = {URL: \url{https://docs.poliastro.space/en/stable/}},
  year           = {2013--2019}
}

@Misc{poliastro-examples,
  Author         = {Juan Luis Cano Rodríguez et al},
  Title          = {poliastro - Jupyter notebooks},
  Note           = {URL: \url{https://docs.poliastro.space/en/stable/jupyter.html}},
  year           = {2013--2019}
}


@Misc{matplotlib-latest,
  Author         = {John Hunter et al},
  Title          = {Matplotlib: Visualization with Python},
  Note           = {URL: \url{https://matplotlib.org/}},
  year           = {2002--2012}
}

@Misc{numpy-latest,
  Author         = {NumPy developers},
  Title          = {NumPy},
  Note           = {URL: \url{https://numpy.org/}},
  year           = {2020--}
}