@Misc{simple-sim,
  Author         = {Evgenii Neumerzhitckii},
  Title          = {Programming a simulation of the Earth orbiting the Sun},
  Note           = {URL: \url{https://evgenii.com/blog/earth-orbit-simulation/}},
  year           = {2016--}
}

@Misc{control-latest,
  Author         = {python-control.org},
  Title          = {Python Control Systems Library},
  Note           = {URL: \url{https://python-control.org}},
  year           = {2019--}
}

@Misc{ode-docs,
  Author         = {The SciPy community},
  Title          = {scipy.integrate.ode},
  Note           = {URL: \url{https://docs.scipy.org/doc/scipy/reference/generated/scipy.integrate.ode.html}},
  year           = {2019--}
}

@Misc{odeint-docs,
  Author         = {The SciPy community},
  Title          = {scipy.integrate.odeint},
  Note           = {URL: \url{https://docs.scipy.org/doc/scipy/reference/generated/scipy.integrate.odeint.html}},
  year           = {2019--}
}

@Misc{scipyint-latest,
  Author         = {The SciPy community},
  Title          = {scipy.integrate},
  Note           = {URL: \url{https://docs.scipy.org/doc/scipy/reference/integrate.html}},
  year           = {2019--}
}